%YAML 1.1
%TAG !u! tag:unity3d.com,2011:
--- !u!1 &145076
GameObject:
  m_ObjectHideFlags: 1
  m_PrefabParentObject: {fileID: 0}
  m_PrefabInternal: {fileID: 100100000}
  serializedVersion: 4
  m_Component:
  - 4: {fileID: 421054}
  - 33: {fileID: 3385818}
  - 23: {fileID: 2382364}
  m_Layer: 0
  m_Name: Cylinder018
  m_TagString: Untagged
  m_Icon: {fileID: 0}
  m_NavMeshLayer: 0
  m_StaticEditorFlags: 0
  m_IsActive: 1
--- !u!1 &167412
GameObject:
  m_ObjectHideFlags: 0
  m_PrefabParentObject: {fileID: 0}
  m_PrefabInternal: {fileID: 100100000}
  serializedVersion: 4
  m_Component:
  - 4: {fileID: 458686}
  - 33: {fileID: 3331024}
  - 23: {fileID: 2328144}
  m_Layer: 0
  m_Name: ecole03
  m_TagString: Untagged
  m_Icon: {fileID: 0}
  m_NavMeshLayer: 0
  m_StaticEditorFlags: 0
  m_IsActive: 1
--- !u!1 &169364
GameObject:
  m_ObjectHideFlags: 1
  m_PrefabParentObject: {fileID: 0}
  m_PrefabInternal: {fileID: 100100000}
  serializedVersion: 4
  m_Component:
  - 4: {fileID: 487026}
  - 33: {fileID: 3346544}
  - 23: {fileID: 2328748}
  m_Layer: 0
  m_Name: Box028
  m_TagString: Untagged
  m_Icon: {fileID: 0}
  m_NavMeshLayer: 0
  m_StaticEditorFlags: 0
  m_IsActive: 1
--- !u!1 &192800
GameObject:
  m_ObjectHideFlags: 0
  m_PrefabParentObject: {fileID: 0}
  m_PrefabInternal: {fileID: 100100000}
  serializedVersion: 4
  m_Component:
  - 4: {fileID: 476946}
  - 114: {fileID: 11469232}
  - 114: {fileID: 11446758}
  - 114: {fileID: 11452116}
  - 114: {fileID: 11419774}
  - 82: {fileID: 8225448}
  m_Layer: 0
  m_Name: School003Prefab
  m_TagString: Untagged
  m_Icon: {fileID: 0}
  m_NavMeshLayer: 0
  m_StaticEditorFlags: 0
  m_IsActive: 1
--- !u!4 &421054
Transform:
  m_ObjectHideFlags: 1
  m_PrefabParentObject: {fileID: 0}
  m_PrefabInternal: {fileID: 100100000}
  m_GameObject: {fileID: 145076}
  m_LocalRotation: {x: 0, y: 0, z: -0.6277815, w: 0.7783896}
  m_LocalPosition: {x: -0.13085419, y: 0.15154083, z: 0}
  m_LocalScale: {x: 1, y: 1, z: 1}
  m_Children: []
  m_Father: {fileID: 458686}
  m_RootOrder: 1
--- !u!4 &458686
Transform:
  m_ObjectHideFlags: 1
  m_PrefabParentObject: {fileID: 0}
  m_PrefabInternal: {fileID: 100100000}
  m_GameObject: {fileID: 167412}
  m_LocalRotation: {x: -0.7071068, y: 0, z: 0, w: 0.7071068}
  m_LocalPosition: {x: 0, y: 0.2, z: 0}
  m_LocalScale: {x: 2, y: 2, z: 2}
  m_Children:
  - {fileID: 487026}
  - {fileID: 421054}
  m_Father: {fileID: 476946}
  m_RootOrder: 0
--- !u!4 &476946
Transform:
  m_ObjectHideFlags: 1
  m_PrefabParentObject: {fileID: 0}
  m_PrefabInternal: {fileID: 100100000}
  m_GameObject: {fileID: 192800}
  m_LocalRotation: {x: 0, y: 0, z: 0, w: 1}
  m_LocalPosition: {x: 0, y: 0, z: 0}
  m_LocalScale: {x: 1, y: 1, z: 1}
  m_Children:
  - {fileID: 458686}
  m_Father: {fileID: 0}
  m_RootOrder: 0
--- !u!4 &487026
Transform:
  m_ObjectHideFlags: 1
  m_PrefabParentObject: {fileID: 0}
  m_PrefabInternal: {fileID: 100100000}
  m_GameObject: {fileID: 169364}
  m_LocalRotation: {x: -0, y: 0, z: 1, w: -0.0000000754979}
  m_LocalPosition: {x: -0.174281, y: -0.14199676, z: 0}
  m_LocalScale: {x: 1, y: 1, z: 1}
  m_Children: []
  m_Father: {fileID: 458686}
  m_RootOrder: 0
--- !u!23 &2328144
MeshRenderer:
  m_ObjectHideFlags: 1
  m_PrefabParentObject: {fileID: 0}
  m_PrefabInternal: {fileID: 100100000}
  m_GameObject: {fileID: 167412}
  m_Enabled: 1
  m_CastShadows: 1
  m_ReceiveShadows: 1
  m_Materials:
  - {fileID: 2100000, guid: 23e9837031638c0438f5b9355e52e826, type: 2}
  - {fileID: 2100000, guid: 76b99f1526d36024cb88a85bbb943e09, type: 2}
  m_SubsetIndices: 
  m_StaticBatchRoot: {fileID: 0}
  m_UseLightProbes: 1
  m_ReflectionProbeUsage: 1
  m_ProbeAnchor: {fileID: 0}
  m_ScaleInLightmap: 1
  m_PreserveUVs: 0
  m_IgnoreNormalsForChartDetection: 0
  m_ImportantGI: 0
  m_MinimumChartSize: 4
  m_AutoUVMaxDistance: 0.5
  m_AutoUVMaxAngle: 89
  m_LightmapParameters: {fileID: 0}
  m_SortingLayerID: 0
  m_SortingOrder: 0
--- !u!23 &2328748
MeshRenderer:
  m_ObjectHideFlags: 1
  m_PrefabParentObject: {fileID: 0}
  m_PrefabInternal: {fileID: 100100000}
  m_GameObject: {fileID: 169364}
  m_Enabled: 1
  m_CastShadows: 1
  m_ReceiveShadows: 1
  m_Materials:
  - {fileID: 2100000, guid: 35380fe0494d52f4f8e565967204aa4d, type: 2}
  - {fileID: 2100000, guid: 13bd67c049fbc1e44a71591a51124b70, type: 2}
  - {fileID: 2100000, guid: 2a71c3cbf9bdd974195ebafc9b49e212, type: 2}
  - {fileID: 2100000, guid: ccd9629d5f569a64991b3acaa397dfc7, type: 2}
  - {fileID: 2100000, guid: 2739fd2186d67634fb688696094c9858, type: 2}
  - {fileID: 2100000, guid: 22b1b8ef8922c644489e0856f6d24ef9, type: 2}
  - {fileID: 2100000, guid: 580946bd836299f478bb3b13c52e0af8, type: 2}
  - {fileID: 2100000, guid: f6ef031fb5784a84facf2a77f8845f25, type: 2}
  - {fileID: 2100000, guid: e7e520bce1ebb23458a18d8edc4cbc16, type: 2}
  - {fileID: 2100000, guid: 1b698e4163a31a14ba4f32d49dfb34e7, type: 2}
  m_SubsetIndices: 
  m_StaticBatchRoot: {fileID: 0}
  m_UseLightProbes: 1
  m_ReflectionProbeUsage: 1
  m_ProbeAnchor: {fileID: 0}
  m_ScaleInLightmap: 1
  m_PreserveUVs: 0
  m_IgnoreNormalsForChartDetection: 0
  m_ImportantGI: 0
  m_MinimumChartSize: 4
  m_AutoUVMaxDistance: 0.5
  m_AutoUVMaxAngle: 89
  m_LightmapParameters: {fileID: 0}
  m_SortingLayerID: 0
  m_SortingOrder: 0
--- !u!23 &2382364
MeshRenderer:
  m_ObjectHideFlags: 1
  m_PrefabParentObject: {fileID: 0}
  m_PrefabInternal: {fileID: 100100000}
  m_GameObject: {fileID: 145076}
  m_Enabled: 1
  m_CastShadows: 1
  m_ReceiveShadows: 1
  m_Materials:
  - {fileID: 2100000, guid: 76b99f1526d36024cb88a85bbb943e09, type: 2}
  - {fileID: 2100000, guid: 514493f378a27e947baa13516ed509cb, type: 2}
  m_SubsetIndices: 
  m_StaticBatchRoot: {fileID: 0}
  m_UseLightProbes: 1
  m_ReflectionProbeUsage: 1
  m_ProbeAnchor: {fileID: 0}
  m_ScaleInLightmap: 1
  m_PreserveUVs: 0
  m_IgnoreNormalsForChartDetection: 0
  m_ImportantGI: 0
  m_MinimumChartSize: 4
  m_AutoUVMaxDistance: 0.5
  m_AutoUVMaxAngle: 89
  m_LightmapParameters: {fileID: 0}
  m_SortingLayerID: 0
  m_SortingOrder: 0
--- !u!33 &3331024
MeshFilter:
  m_ObjectHideFlags: 1
  m_PrefabParentObject: {fileID: 0}
  m_PrefabInternal: {fileID: 100100000}
  m_GameObject: {fileID: 167412}
  m_Mesh: {fileID: 4300026, guid: e91cad091c002d646a5db72169c64dee, type: 3}
--- !u!33 &3346544
MeshFilter:
  m_ObjectHideFlags: 1
  m_PrefabParentObject: {fileID: 0}
  m_PrefabInternal: {fileID: 100100000}
  m_GameObject: {fileID: 169364}
  m_Mesh: {fileID: 4300012, guid: e91cad091c002d646a5db72169c64dee, type: 3}
--- !u!33 &3385818
MeshFilter:
  m_ObjectHideFlags: 1
  m_PrefabParentObject: {fileID: 0}
  m_PrefabInternal: {fileID: 100100000}
  m_GameObject: {fileID: 145076}
  m_Mesh: {fileID: 4300024, guid: e91cad091c002d646a5db72169c64dee, type: 3}
--- !u!82 &8225448
AudioSource:
  m_ObjectHideFlags: 1
  m_PrefabParentObject: {fileID: 0}
  m_PrefabInternal: {fileID: 100100000}
  m_GameObject: {fileID: 192800}
  m_Enabled: 1
  serializedVersion: 4
  OutputAudioMixerGroup: {fileID: 0}
  m_audioClip: {fileID: 8300000, guid: bf7af22f758b4434c957d2e6b274c316, type: 3}
  m_PlayOnAwake: 1
  m_Volume: 1
  m_Pitch: 1
  Loop: 0
  Mute: 0
  Spatialize: 0
  Priority: 128
  DopplerLevel: 1
  MinDistance: 1
  MaxDistance: 500
  Pan2D: 0
  rolloffMode: 0
  BypassEffects: 0
  BypassListenerEffects: 0
  BypassReverbZones: 0
  rolloffCustomCurve:
    serializedVersion: 2
    m_Curve:
    - time: 0
      value: 1
      inSlope: 0
      outSlope: 0
      tangentMode: 0
    - time: 1
      value: 0
      inSlope: 0
      outSlope: 0
      tangentMode: 0
    m_PreInfinity: 2
    m_PostInfinity: 2
    m_RotationOrder: 4
  panLevelCustomCurve:
    serializedVersion: 2
    m_Curve:
    - time: 0
      value: 1
      inSlope: 0
      outSlope: 0
      tangentMode: 0
    m_PreInfinity: 2
    m_PostInfinity: 2
    m_RotationOrder: 0
  spreadCustomCurve:
    serializedVersion: 2
    m_Curve:
    - time: 0
      value: 0
      inSlope: 0
      outSlope: 0
      tangentMode: 0
    m_PreInfinity: 2
    m_PostInfinity: 2
    m_RotationOrder: 4
  reverbZoneMixCustomCurve:
    serializedVersion: 2
    m_Curve:
    - time: 0
      value: 1
      inSlope: 0
      outSlope: 0
      tangentMode: 0
    m_PreInfinity: 2
    m_PostInfinity: 2
    m_RotationOrder: 0
--- !u!114 &11419774
MonoBehaviour:
  m_ObjectHideFlags: 1
  m_PrefabParentObject: {fileID: 0}
  m_PrefabInternal: {fileID: 100100000}
  m_GameObject: {fileID: 192800}
  m_Enabled: 1
  m_EditorHideFlags: 0
  m_Script: {fileID: 11500000, guid: af159835fb889ee44b0130e8481e1e4e, type: 3}
  m_Name: 
  m_EditorClassIdentifier: 
  buildingType: 3
  buildingLevel: 2
  probability: 0
--- !u!114 &11446758
MonoBehaviour:
  m_ObjectHideFlags: 1
  m_PrefabParentObject: {fileID: 0}
  m_PrefabInternal: {fileID: 100100000}
  m_GameObject: {fileID: 192800}
  m_Enabled: 1
  m_EditorHideFlags: 0
  m_Script: {fileID: 11500000, guid: 5920c86438157c547b3f88827173f92b, type: 3}
  m_Name: 
  m_EditorClassIdentifier: 
  _sourceTypes: []
  _targetTypes: []
  conversionRate: 1
--- !u!114 &11452116
MonoBehaviour:
  m_ObjectHideFlags: 1
  m_PrefabParentObject: {fileID: 0}
  m_PrefabInternal: {fileID: 100100000}
  m_GameObject: {fileID: 192800}
  m_Enabled: 1
  m_EditorHideFlags: 0
  m_Script: {fileID: 11500000, guid: 59a5ac8fd2a2d6f45898d2c03dd540cc, type: 3}
  m_Name: 
  m_EditorClassIdentifier: 
  _resourceCapacities: []
--- !u!114 &11469232
MonoBehaviour:
  m_ObjectHideFlags: 1
  m_PrefabParentObject: {fileID: 0}
  m_PrefabInternal: {fileID: 100100000}
  m_GameObject: {fileID: 192800}
  m_Enabled: 1
  m_EditorHideFlags: 0
  m_Script: {fileID: 11500000, guid: 7a7b084f48165f24f84e828c1235b7d9, type: 3}
  m_Name: 
  m_EditorClassIdentifier: 
  _minimumCapabilities: []
  _buildCosts: []
  _producedCapabilities:
  - key: 0
    value: 1
  - key: 2
    value: 1
  - key: 3
    value: -1
  buildTime: 0
--- !u!1001 &100100000
Prefab:
  m_ObjectHideFlags: 1
  serializedVersion: 2
  m_Modification:
    m_TransformParent: {fileID: 0}
    m_Modifications:
    - target: {fileID: 0}
      propertyPath: _buildCosts.Array.size
      value: 0
      objectReference: {fileID: 0}
    - target: {fileID: 0}
      propertyPath: _minimumCapabilities.Array.size
      value: 0
      objectReference: {fileID: 0}
    - target: {fileID: 0}
      propertyPath: _producedCapabilities.Array.size
      value: 3
      objectReference: {fileID: 0}
    - target: {fileID: 0}
      propertyPath: configuration
      value: 
      objectReference: {fileID: 11481302, guid: 00a9f30aa6ce1be418c9dc9ac74b1500,
        type: 2}
    - target: {fileID: 0}
      propertyPath: _producedCapabilities.Array.data[0].value
      value: 1
      objectReference: {fileID: 0}
    - target: {fileID: 0}
      propertyPath: _minimumCapabilities.Array.data[0].value
      value: 100
      objectReference: {fileID: 0}
    - target: {fileID: 0}
      propertyPath: _buildCosts.Array.data[0].key
      value: 2
      objectReference: {fileID: 0}
    - target: {fileID: 0}
      propertyPath: _buildCosts.Array.data[0].value
      value: 10000
      objectReference: {fileID: 0}
    - target: {fileID: 0}
      propertyPath: conversionRate
      value: 1
      objectReference: {fileID: 0}
    - target: {fileID: 0}
      propertyPath: buildingType
      value: 3
      objectReference: {fileID: 0}
    - target: {fileID: 0}
      propertyPath: buildingLevel
      value: 2
      objectReference: {fileID: 0}
    - target: {fileID: 0}
      propertyPath: _producedCapabilities.Array.data[1].key
      value: 2
      objectReference: {fileID: 0}
    - target: {fileID: 0}
      propertyPath: _producedCapabilities.Array.data[2].key
      value: 3
      objectReference: {fileID: 0}
    - target: {fileID: 0}
      propertyPath: _producedCapabilities.Array.data[1].value
      value: 1
      objectReference: {fileID: 0}
    - target: {fileID: 0}
      propertyPath: _producedCapabilities.Array.data[2].value
      value: -1
      objectReference: {fileID: 0}
    - target: {fileID: 0}
      propertyPath: m_audioClip
      value: 
      objectReference: {fileID: 8300000, guid: bf7af22f758b4434c957d2e6b274c316, type: 3}
    - target: {fileID: 0}
      propertyPath: panLevelCustomCurve.m_RotationOrder
      value: 0
      objectReference: {fileID: 0}
    - target: {fileID: 0}
      propertyPath: reverbZoneMixCustomCurve.m_RotationOrder
      value: 0
      objectReference: {fileID: 0}
    - target: {fileID: 0}
      propertyPath: panLevelCustomCurve.m_Curve.Array.data[0].value
      value: 1
      objectReference: {fileID: 0}
    m_RemovedComponents: []
  m_ParentPrefab: {fileID: 0}
  m_RootGameObject: {fileID: 192800}
  m_IsPrefabParent: 1
