%YAML 1.1
%TAG !u! tag:unity3d.com,2011:
--- !u!1 &108956
GameObject:
  m_ObjectHideFlags: 0
  m_PrefabParentObject: {fileID: 0}
  m_PrefabInternal: {fileID: 100100000}
  serializedVersion: 4
  m_Component:
  - 4: {fileID: 495142}
  - 114: {fileID: 11451026}
  - 114: {fileID: 11432408}
  - 114: {fileID: 11457750}
  - 114: {fileID: 11443712}
  - 82: {fileID: 8274968}
  m_Layer: 0
  m_Name: Secu001Prefab
  m_TagString: Untagged
  m_Icon: {fileID: 0}
  m_NavMeshLayer: 0
  m_StaticEditorFlags: 0
  m_IsActive: 1
--- !u!1 &144350
GameObject:
  m_ObjectHideFlags: 0
  m_PrefabParentObject: {fileID: 0}
  m_PrefabInternal: {fileID: 100100000}
  serializedVersion: 4
  m_Component:
  - 4: {fileID: 477710}
  - 33: {fileID: 3304422}
  - 23: {fileID: 2325464}
  m_Layer: 0
  m_Name: secu_01
  m_TagString: Untagged
  m_Icon: {fileID: 0}
  m_NavMeshLayer: 0
  m_StaticEditorFlags: 0
  m_IsActive: 1
--- !u!4 &477710
Transform:
  m_ObjectHideFlags: 1
  m_PrefabParentObject: {fileID: 0}
  m_PrefabInternal: {fileID: 100100000}
  m_GameObject: {fileID: 144350}
  m_LocalRotation: {x: -0.7071068, y: 0, z: -0, w: 0.7071068}
  m_LocalPosition: {x: 0, y: 0.2, z: 0}
  m_LocalScale: {x: 2, y: 2, z: 2}
  m_Children: []
  m_Father: {fileID: 495142}
  m_RootOrder: 0
--- !u!4 &495142
Transform:
  m_ObjectHideFlags: 1
  m_PrefabParentObject: {fileID: 0}
  m_PrefabInternal: {fileID: 100100000}
  m_GameObject: {fileID: 108956}
  m_LocalRotation: {x: 0, y: 0, z: 0, w: 1}
  m_LocalPosition: {x: 0, y: 0, z: 0}
  m_LocalScale: {x: 1, y: 1, z: 1}
  m_Children:
  - {fileID: 477710}
  m_Father: {fileID: 0}
  m_RootOrder: 0
--- !u!23 &2325464
MeshRenderer:
  m_ObjectHideFlags: 1
  m_PrefabParentObject: {fileID: 0}
  m_PrefabInternal: {fileID: 100100000}
  m_GameObject: {fileID: 144350}
  m_Enabled: 1
  m_CastShadows: 1
  m_ReceiveShadows: 1
  m_Materials:
  - {fileID: 2100000, guid: 55b0543e614c05e4387960324109ad59, type: 2}
  - {fileID: 2100000, guid: 76b99f1526d36024cb88a85bbb943e09, type: 2}
  - {fileID: 2100000, guid: 20c1a66ffece26846b2e69935c8c02f7, type: 2}
  - {fileID: 2100000, guid: 8230223afee073b43b563ba5a7f9558b, type: 2}
  - {fileID: 2100000, guid: f6ef031fb5784a84facf2a77f8845f25, type: 2}
  - {fileID: 2100000, guid: 39fdaf40ca6360a49bfe47e904787d8f, type: 2}
  m_SubsetIndices: 
  m_StaticBatchRoot: {fileID: 0}
  m_UseLightProbes: 1
  m_ReflectionProbeUsage: 1
  m_ProbeAnchor: {fileID: 0}
  m_ScaleInLightmap: 1
  m_PreserveUVs: 0
  m_IgnoreNormalsForChartDetection: 0
  m_ImportantGI: 0
  m_MinimumChartSize: 4
  m_AutoUVMaxDistance: 0.5
  m_AutoUVMaxAngle: 89
  m_LightmapParameters: {fileID: 0}
  m_SortingLayerID: 0
  m_SortingOrder: 0
--- !u!33 &3304422
MeshFilter:
  m_ObjectHideFlags: 1
  m_PrefabParentObject: {fileID: 0}
  m_PrefabInternal: {fileID: 100100000}
  m_GameObject: {fileID: 144350}
  m_Mesh: {fileID: 4300000, guid: 3024dbd5af43c9842989c41f117f50fc, type: 3}
--- !u!82 &8274968
AudioSource:
  m_ObjectHideFlags: 1
  m_PrefabParentObject: {fileID: 0}
  m_PrefabInternal: {fileID: 100100000}
  m_GameObject: {fileID: 108956}
  m_Enabled: 1
  serializedVersion: 4
  OutputAudioMixerGroup: {fileID: 0}
  m_audioClip: {fileID: 8300000, guid: f67767a7136040e4eb3bed9cbaaf9995, type: 3}
  m_PlayOnAwake: 1
  m_Volume: 1
  m_Pitch: 1
  Loop: 0
  Mute: 0
  Spatialize: 0
  Priority: 128
  DopplerLevel: 1
  MinDistance: 1
  MaxDistance: 500
  Pan2D: 0
  rolloffMode: 0
  BypassEffects: 0
  BypassListenerEffects: 0
  BypassReverbZones: 0
  rolloffCustomCurve:
    serializedVersion: 2
    m_Curve:
    - time: 0
      value: 1
      inSlope: 0
      outSlope: 0
      tangentMode: 0
    - time: 1
      value: 0
      inSlope: 0
      outSlope: 0
      tangentMode: 0
    m_PreInfinity: 2
    m_PostInfinity: 2
    m_RotationOrder: 4
  panLevelCustomCurve:
    serializedVersion: 2
    m_Curve:
    - time: 0
      value: 1
      inSlope: 0
      outSlope: 0
      tangentMode: 0
    m_PreInfinity: 2
    m_PostInfinity: 2
    m_RotationOrder: 0
  spreadCustomCurve:
    serializedVersion: 2
    m_Curve:
    - time: 0
      value: 0
      inSlope: 0
      outSlope: 0
      tangentMode: 0
    m_PreInfinity: 2
    m_PostInfinity: 2
    m_RotationOrder: 4
  reverbZoneMixCustomCurve:
    serializedVersion: 2
    m_Curve:
    - time: 0
      value: 1
      inSlope: 0
      outSlope: 0
      tangentMode: 0
    m_PreInfinity: 2
    m_PostInfinity: 2
    m_RotationOrder: 0
--- !u!114 &11432408
MonoBehaviour:
  m_ObjectHideFlags: 1
  m_PrefabParentObject: {fileID: 0}
  m_PrefabInternal: {fileID: 100100000}
  m_GameObject: {fileID: 108956}
  m_Enabled: 1
  m_EditorHideFlags: 0
  m_Script: {fileID: 11500000, guid: 5920c86438157c547b3f88827173f92b, type: 3}
  m_Name: 
  m_EditorClassIdentifier: 
  _sourceTypes: []
  _targetTypes: []
  conversionRate: 1
--- !u!114 &11443712
MonoBehaviour:
  m_ObjectHideFlags: 1
  m_PrefabParentObject: {fileID: 0}
  m_PrefabInternal: {fileID: 100100000}
  m_GameObject: {fileID: 108956}
  m_Enabled: 1
  m_EditorHideFlags: 0
  m_Script: {fileID: 11500000, guid: af159835fb889ee44b0130e8481e1e4e, type: 3}
  m_Name: 
  m_EditorClassIdentifier: 
  buildingType: 5
  buildingLevel: 0
  probability: 0
--- !u!114 &11451026
MonoBehaviour:
  m_ObjectHideFlags: 1
  m_PrefabParentObject: {fileID: 0}
  m_PrefabInternal: {fileID: 100100000}
  m_GameObject: {fileID: 108956}
  m_Enabled: 1
  m_EditorHideFlags: 0
  m_Script: {fileID: 11500000, guid: 7a7b084f48165f24f84e828c1235b7d9, type: 3}
  m_Name: 
  m_EditorClassIdentifier: 
  _minimumCapabilities: []
  _buildCosts: []
  _producedCapabilities:
  - key: 0
    value: -1
  - key: 2
    value: 1
  - key: 3
    value: -1
  buildTime: 0
--- !u!114 &11457750
MonoBehaviour:
  m_ObjectHideFlags: 1
  m_PrefabParentObject: {fileID: 0}
  m_PrefabInternal: {fileID: 100100000}
  m_GameObject: {fileID: 108956}
  m_Enabled: 1
  m_EditorHideFlags: 0
  m_Script: {fileID: 11500000, guid: 59a5ac8fd2a2d6f45898d2c03dd540cc, type: 3}
  m_Name: 
  m_EditorClassIdentifier: 
  _resourceCapacities: []
--- !u!1001 &100100000
Prefab:
  m_ObjectHideFlags: 1
  serializedVersion: 2
  m_Modification:
    m_TransformParent: {fileID: 0}
    m_Modifications:
    - target: {fileID: 0}
      propertyPath: _producedCapabilities.Array.size
      value: 3
      objectReference: {fileID: 0}
    - target: {fileID: 0}
      propertyPath: conversionRate
      value: 1
      objectReference: {fileID: 0}
    - target: {fileID: 0}
      propertyPath: buildingType
      value: 5
      objectReference: {fileID: 0}
    - target: {fileID: 0}
      propertyPath: _producedCapabilities.Array.data[0].value
      value: -1
      objectReference: {fileID: 0}
    - target: {fileID: 0}
      propertyPath: _producedCapabilities.Array.data[1].key
      value: 2
      objectReference: {fileID: 0}
    - target: {fileID: 0}
      propertyPath: _producedCapabilities.Array.data[1].value
      value: 1
      objectReference: {fileID: 0}
    - target: {fileID: 0}
      propertyPath: _producedCapabilities.Array.data[2].key
      value: 3
      objectReference: {fileID: 0}
    - target: {fileID: 0}
      propertyPath: _producedCapabilities.Array.data[2].value
      value: -1
      objectReference: {fileID: 0}
    - target: {fileID: 0}
      propertyPath: m_audioClip
      value: 
      objectReference: {fileID: 8300000, guid: f67767a7136040e4eb3bed9cbaaf9995, type: 3}
    - target: {fileID: 0}
      propertyPath: panLevelCustomCurve.m_RotationOrder
      value: 0
      objectReference: {fileID: 0}
    - target: {fileID: 0}
      propertyPath: reverbZoneMixCustomCurve.m_RotationOrder
      value: 0
      objectReference: {fileID: 0}
    - target: {fileID: 0}
      propertyPath: panLevelCustomCurve.m_Curve.Array.data[0].value
      value: 1
      objectReference: {fileID: 0}
    m_RemovedComponents: []
  m_ParentPrefab: {fileID: 0}
  m_RootGameObject: {fileID: 108956}
  m_IsPrefabParent: 1
