%YAML 1.1
%TAG !u! tag:unity3d.com,2011:
--- !u!1 &128734
GameObject:
  m_ObjectHideFlags: 0
  m_PrefabParentObject: {fileID: 0}
  m_PrefabInternal: {fileID: 100100000}
  serializedVersion: 4
  m_Component:
  - 4: {fileID: 431604}
  - 114: {fileID: 11446834}
  - 114: {fileID: 11485648}
  - 114: {fileID: 11438196}
  - 114: {fileID: 11437190}
  - 82: {fileID: 8257626}
  m_Layer: 0
  m_Name: Secu002Prefab
  m_TagString: Untagged
  m_Icon: {fileID: 0}
  m_NavMeshLayer: 0
  m_StaticEditorFlags: 0
  m_IsActive: 1
--- !u!1 &144256
GameObject:
  m_ObjectHideFlags: 0
  m_PrefabParentObject: {fileID: 0}
  m_PrefabInternal: {fileID: 100100000}
  serializedVersion: 4
  m_Component:
  - 4: {fileID: 498312}
  - 33: {fileID: 3395768}
  - 23: {fileID: 2359568}
  m_Layer: 0
  m_Name: secu_02_mesh
  m_TagString: Untagged
  m_Icon: {fileID: 0}
  m_NavMeshLayer: 0
  m_StaticEditorFlags: 0
  m_IsActive: 1
--- !u!4 &431604
Transform:
  m_ObjectHideFlags: 1
  m_PrefabParentObject: {fileID: 0}
  m_PrefabInternal: {fileID: 100100000}
  m_GameObject: {fileID: 128734}
  m_LocalRotation: {x: 0, y: 0, z: 0, w: 1}
  m_LocalPosition: {x: 0, y: 0, z: 0}
  m_LocalScale: {x: 1, y: 1, z: 1}
  m_Children:
  - {fileID: 498312}
  m_Father: {fileID: 0}
  m_RootOrder: 0
--- !u!4 &498312
Transform:
  m_ObjectHideFlags: 1
  m_PrefabParentObject: {fileID: 0}
  m_PrefabInternal: {fileID: 100100000}
  m_GameObject: {fileID: 144256}
  m_LocalRotation: {x: -0.7071068, y: 0, z: -0, w: 0.7071068}
  m_LocalPosition: {x: 0, y: 0.2, z: 0}
  m_LocalScale: {x: 2, y: 2, z: 2}
  m_Children: []
  m_Father: {fileID: 431604}
  m_RootOrder: 0
--- !u!23 &2359568
MeshRenderer:
  m_ObjectHideFlags: 1
  m_PrefabParentObject: {fileID: 0}
  m_PrefabInternal: {fileID: 100100000}
  m_GameObject: {fileID: 144256}
  m_Enabled: 1
  m_CastShadows: 1
  m_ReceiveShadows: 1
  m_Materials:
  - {fileID: 2100000, guid: f394b87f504483741a8311d15ab3fbda, type: 2}
  - {fileID: 2100000, guid: 76b99f1526d36024cb88a85bbb943e09, type: 2}
  - {fileID: 2100000, guid: 13bd67c049fbc1e44a71591a51124b70, type: 2}
  - {fileID: 2100000, guid: 2739fd2186d67634fb688696094c9858, type: 2}
  - {fileID: 2100000, guid: 8230223afee073b43b563ba5a7f9558b, type: 2}
  - {fileID: 2100000, guid: bf1c0cf5869eefa439af32b144cdc921, type: 2}
  - {fileID: 2100000, guid: 39fdaf40ca6360a49bfe47e904787d8f, type: 2}
  m_SubsetIndices: 
  m_StaticBatchRoot: {fileID: 0}
  m_UseLightProbes: 1
  m_ReflectionProbeUsage: 1
  m_ProbeAnchor: {fileID: 0}
  m_ScaleInLightmap: 1
  m_PreserveUVs: 0
  m_IgnoreNormalsForChartDetection: 0
  m_ImportantGI: 0
  m_MinimumChartSize: 4
  m_AutoUVMaxDistance: 0.5
  m_AutoUVMaxAngle: 89
  m_LightmapParameters: {fileID: 0}
  m_SortingLayerID: 0
  m_SortingOrder: 0
--- !u!33 &3395768
MeshFilter:
  m_ObjectHideFlags: 1
  m_PrefabParentObject: {fileID: 0}
  m_PrefabInternal: {fileID: 100100000}
  m_GameObject: {fileID: 144256}
  m_Mesh: {fileID: 4300000, guid: 3e224d6f0143aba4881a53b9e0be0869, type: 3}
--- !u!82 &8257626
AudioSource:
  m_ObjectHideFlags: 1
  m_PrefabParentObject: {fileID: 0}
  m_PrefabInternal: {fileID: 100100000}
  m_GameObject: {fileID: 128734}
  m_Enabled: 1
  serializedVersion: 4
  OutputAudioMixerGroup: {fileID: 0}
  m_audioClip: {fileID: 8300000, guid: f2fbd60dcc31e3b448601684dc6f03f6, type: 3}
  m_PlayOnAwake: 1
  m_Volume: 1
  m_Pitch: 1
  Loop: 0
  Mute: 0
  Spatialize: 0
  Priority: 128
  DopplerLevel: 1
  MinDistance: 1
  MaxDistance: 500
  Pan2D: 0
  rolloffMode: 0
  BypassEffects: 0
  BypassListenerEffects: 0
  BypassReverbZones: 0
  rolloffCustomCurve:
    serializedVersion: 2
    m_Curve:
    - time: 0
      value: 1
      inSlope: 0
      outSlope: 0
      tangentMode: 0
    - time: 1
      value: 0
      inSlope: 0
      outSlope: 0
      tangentMode: 0
    m_PreInfinity: 2
    m_PostInfinity: 2
    m_RotationOrder: 4
  panLevelCustomCurve:
    serializedVersion: 2
    m_Curve:
    - time: 0
      value: 1
      inSlope: 0
      outSlope: 0
      tangentMode: 0
    m_PreInfinity: 2
    m_PostInfinity: 2
    m_RotationOrder: 0
  spreadCustomCurve:
    serializedVersion: 2
    m_Curve:
    - time: 0
      value: 0
      inSlope: 0
      outSlope: 0
      tangentMode: 0
    m_PreInfinity: 2
    m_PostInfinity: 2
    m_RotationOrder: 4
  reverbZoneMixCustomCurve:
    serializedVersion: 2
    m_Curve:
    - time: 0
      value: 1
      inSlope: 0
      outSlope: 0
      tangentMode: 0
    m_PreInfinity: 2
    m_PostInfinity: 2
    m_RotationOrder: 0
--- !u!114 &11437190
MonoBehaviour:
  m_ObjectHideFlags: 1
  m_PrefabParentObject: {fileID: 0}
  m_PrefabInternal: {fileID: 100100000}
  m_GameObject: {fileID: 128734}
  m_Enabled: 1
  m_EditorHideFlags: 0
  m_Script: {fileID: 11500000, guid: af159835fb889ee44b0130e8481e1e4e, type: 3}
  m_Name: 
  m_EditorClassIdentifier: 
  buildingType: 5
  buildingLevel: 1
  probability: 0
--- !u!114 &11438196
MonoBehaviour:
  m_ObjectHideFlags: 1
  m_PrefabParentObject: {fileID: 0}
  m_PrefabInternal: {fileID: 100100000}
  m_GameObject: {fileID: 128734}
  m_Enabled: 1
  m_EditorHideFlags: 0
  m_Script: {fileID: 11500000, guid: 59a5ac8fd2a2d6f45898d2c03dd540cc, type: 3}
  m_Name: 
  m_EditorClassIdentifier: 
  _resourceCapacities: []
--- !u!114 &11446834
MonoBehaviour:
  m_ObjectHideFlags: 1
  m_PrefabParentObject: {fileID: 0}
  m_PrefabInternal: {fileID: 100100000}
  m_GameObject: {fileID: 128734}
  m_Enabled: 1
  m_EditorHideFlags: 0
  m_Script: {fileID: 11500000, guid: 7a7b084f48165f24f84e828c1235b7d9, type: 3}
  m_Name: 
  m_EditorClassIdentifier: 
  _minimumCapabilities: []
  _buildCosts: []
  _producedCapabilities:
  - key: 0
    value: -1
  - key: 2
    value: 1
  - key: 3
    value: -1
  buildTime: 0
--- !u!114 &11485648
MonoBehaviour:
  m_ObjectHideFlags: 1
  m_PrefabParentObject: {fileID: 0}
  m_PrefabInternal: {fileID: 100100000}
  m_GameObject: {fileID: 128734}
  m_Enabled: 1
  m_EditorHideFlags: 0
  m_Script: {fileID: 11500000, guid: 5920c86438157c547b3f88827173f92b, type: 3}
  m_Name: 
  m_EditorClassIdentifier: 
  _sourceTypes: []
  _targetTypes: []
  conversionRate: 1
--- !u!1001 &100100000
Prefab:
  m_ObjectHideFlags: 1
  serializedVersion: 2
  m_Modification:
    m_TransformParent: {fileID: 0}
    m_Modifications:
    - target: {fileID: 0}
      propertyPath: _producedCapabilities.Array.size
      value: 3
      objectReference: {fileID: 0}
    - target: {fileID: 0}
      propertyPath: conversionRate
      value: 1
      objectReference: {fileID: 0}
    - target: {fileID: 0}
      propertyPath: buildingType
      value: 5
      objectReference: {fileID: 0}
    - target: {fileID: 0}
      propertyPath: buildingLevel
      value: 1
      objectReference: {fileID: 0}
    - target: {fileID: 0}
      propertyPath: _producedCapabilities.Array.data[0].value
      value: -1
      objectReference: {fileID: 0}
    - target: {fileID: 0}
      propertyPath: _producedCapabilities.Array.data[1].key
      value: 2
      objectReference: {fileID: 0}
    - target: {fileID: 0}
      propertyPath: _producedCapabilities.Array.data[1].value
      value: 1
      objectReference: {fileID: 0}
    - target: {fileID: 0}
      propertyPath: _producedCapabilities.Array.data[2].key
      value: 3
      objectReference: {fileID: 0}
    - target: {fileID: 0}
      propertyPath: _producedCapabilities.Array.data[2].value
      value: -1
      objectReference: {fileID: 0}
    - target: {fileID: 0}
      propertyPath: m_audioClip
      value: 
      objectReference: {fileID: 8300000, guid: f2fbd60dcc31e3b448601684dc6f03f6, type: 3}
    - target: {fileID: 0}
      propertyPath: panLevelCustomCurve.m_RotationOrder
      value: 0
      objectReference: {fileID: 0}
    - target: {fileID: 0}
      propertyPath: reverbZoneMixCustomCurve.m_RotationOrder
      value: 0
      objectReference: {fileID: 0}
    - target: {fileID: 0}
      propertyPath: panLevelCustomCurve.m_Curve.Array.data[0].value
      value: 1
      objectReference: {fileID: 0}
    m_RemovedComponents: []
  m_ParentPrefab: {fileID: 0}
  m_RootGameObject: {fileID: 128734}
  m_IsPrefabParent: 1
